@article{suzuki1985topological,
  title={Topological structural analysis of digitized binary images by border following},
  author={Suzuki, Satoshi and others},
  journal={Computer Vision, Graphics, and Image Processing},
  volume={30},
  number={1},
  pages={32--46},
  year={1985},
  publisher={Elsevier}
}
@book{rosenfeld2014digital,
	title={Digital picture processing},
	author={Rosenfeld, Azriel and Kak, Avinash C},
	volume={1},
	year={2014},
	publisher={Elsevier}
}
@online{techDemos,
	title = {LaserBoard Project},
	date = {2016},
	organization = {Youtube},
	author = {Kan Kawabata},
	url = {https://www.youtube.com/watch?v=n__QOrV0HoM&list=UU_X92xQyqnSpMQr1m20O_Fw},
}
@article{hartley1997defense,
	title={In defense of the eight-point algorithm},
	author={Hartley, Richard I},
	journal={Pattern Analysis and Machine Intelligence, IEEE Transactions on},
	volume={19},
	number={6},
	pages={580--593},
	year={1997},
	publisher={IEEE}
}